<?xml version="1.0" encoding="UTF-8"?><collection><record><leader>05330ntm a2200529 a 4500</leader><controlfield tag="001">006814116</controlfield><controlfield tag="003">MiAaHDL</controlfield><controlfield tag="005">20190719000000.0</controlfield><controlfield tag="006">m        d        </controlfield><controlfield tag="007">cr bn ---auaua</controlfield><controlfield tag="008">090608q17901791xx            00| ||per d</controlfield><datafield tag="035" ind1=" " ind2=" "><subfield code="a">(MiU)006814116</subfield></datafield><datafield tag="035" ind1=" " ind2=" "><subfield code="a">sdr-miu006814116</subfield></datafield><datafield tag="040" ind1=" " ind2=" "><subfield code="a">MiU</subfield><subfield code="c">MiU</subfield><subfield code="e">amremm</subfield></datafield><datafield tag="043" ind1=" " ind2=" "><subfield code="a">n-us-mi</subfield></datafield><datafield tag="100" ind1="0" ind2=" "><subfield code="6">880-01</subfield><subfield code="a">Azraqī Haravī,</subfield><subfield code="d">11th cent.</subfield></datafield><datafield tag="240" ind1="1" ind2="0"><subfield code="6">880-02</subfield><subfield code="a">Poems.</subfield><subfield code="k">Selections</subfield></datafield><datafield tag="245" ind1="1" ind2="0"><subfield code="6">880-03</subfield><subfield code="a">[Dīvān-i Azraqī Haravī,</subfield><subfield code="f">1205?, i.e. 1790 or 1791?].</subfield></datafield><datafield tag="260" ind1=" " ind2=" "><subfield code="c">[1790 or 1791?].</subfield></datafield><datafield tag="300" ind1=" " ind2=" "><subfield code="a">76 leaves :</subfield><subfield code="b">paper ;</subfield><subfield code="c">206 x 138 (135 x 65) mm.</subfield></datafield><datafield tag="500" ind1=" " ind2=" "><subfield code="a">Shelfmark: Ann Arbor, University of Michigan, Special Collections Library, Isl. Ms. 847</subfield></datafield><datafield tag="500" ind1=" " ind2=" "><subfield code="a">Origin: As appears at close on p.143, transcription possibly completed in 1205 [1790 or 91] ; decoration, paper, etc. also suggest late 18th century.</subfield></datafield><datafield tag="500" ind1=" " ind2=" "><subfield code="a">Former shelfmark: "۲۰۸" in black ink on front flyleaf (p.1).</subfield></datafield><datafield tag="500" ind1=" " ind2=" "><subfield code="a">Binding: Boards covered in dark green leather ; Type III binding (without flap) ; board linings in golden yellow paper ; upper and lower covers carry gold-painted floral cornerpieces and gold-tooled border in a series of striated s-shaped stamps ; sewn in yellow thread, two stations ; worked chevron endbands in dark blue and yellow, good condition ; overall in fairly good condition with only minor abrasion.</subfield></datafield><datafield tag="500" ind1=" " ind2=" "><subfield code="a">Support: non-European (likely Persian or Indian) laid paper with 10 laid lines per cm. (vertical, fairly distinct) and occasional single chain lines visible, gray / off-white in tone, thin and transluscent though sturdy, quite glossy.</subfield></datafield><datafield tag="500" ind1=" " ind2=" "><subfield code="a">Decoration: Exquisite illuminated headpiece (ʻunwān / sarlawḥ) at opening on p.4 consisting of rectangular piece with empty gold cartouche flanked by floral designs in gold, red, orange, yellow, and light blue on a blue ground, surmounted by vertically elongated scalloped w-shaped piece filled with swirling floral vegetal design in gold, pink, light blue, green, orange, etc. on fields of gold and blue, all set in an elaborate well of heavy gold interlace and red bands with white scroll accents, defined by white and gold bands ; incipit and facing page (pp.4-5) carry splendid illuminated marginal decoration consisting of swirling floral vegetal designs with blossoms and saz leaves in gold with black outline and accents in shades of pink, orange, blue, and white ; written area of incipit and facing page accented by gold cloud-bands and vegetal decoration setting off the two columns within ; written area (as well as divisions within and margins) throughout surrounded by gold frame defined by black fillets.</subfield></datafield><datafield tag="500" ind1=" " ind2=" "><subfield code="a">Script: Nastaʻlīq ; elegant hand ; serifless with effect of words descending to baseline, elongation of horizontal strokes, mainly closed counters, somewhat casually pointed, occasionally more freely ligatured as in shikastah.</subfield></datafield><datafield tag="500" ind1=" " ind2=" "><subfield code="a">Layout: Written in 12 lines per page, with written area divided to two columns ; frame-ruled.</subfield></datafield><datafield tag="500" ind1=" " ind2=" "><subfield code="a">Collation: IV+1 (9), 4 IV(41), V (51), IV (59), IV+1 (68), IV (76) ; chiefly quaternions ; final four leaves left blank ; catchwords present ; pagination in pencil, Western numerals (includes flyleaves).</subfield></datafield><datafield tag="500" ind1=" " ind2=" "><subfield code="a">Incipit: "ز نور قبه زرين آينه تمثال زمين تفته فرو پوشد آتشين سربال ..."</subfield></datafield><datafield tag="500" ind1=" " ind2=" "><subfield code="a">Title supplied by cataloguer.</subfield></datafield><datafield tag="500" ind1=" " ind2=" "><subfield code="a">Ms. codex.</subfield></datafield><datafield tag="510" ind1="4" ind2=" "><subfield code="a">University of Michigan Library. Manuscripts &amp; papyri : an exhibition arranged for the XXVII International Congress of Orientalists, Ann Arbor, Michigan, August 13-19, 1967. (Ann Arbor, MI [?], 1967),</subfield><subfield code="c">no.40, p.11</subfield></datafield><datafield tag="510" ind1="4" ind2=" "><subfield code="a">Massé, H. "Azraḳī, Zayn al-Dīn Abū Bakr b. Ismāʿīl al-Warrāḳ." In EI2,</subfield><subfield code="c">vol. I, p.827, col. 1</subfield></datafield><datafield tag="510" ind1="4" ind2=" "><subfield code="a">Rypka,</subfield><subfield code="c">p.195</subfield></datafield><datafield tag="510" ind1="4" ind2=" "><subfield code="a">Browne,</subfield><subfield code="c">ii, 323</subfield></datafield><datafield tag="520" ind1="8" ind2=" "><subfield code="a">Exquisite copy of a portion of the Dīvān of Ḥakīm Azraqī Haravī, Zayn al-Dīn Abū Bakr (d. before 1073).</subfield></datafield><datafield tag="538" ind1=" " ind2=" "><subfield code="a">Mode of access: Internet.</subfield></datafield><datafield tag="541" ind1=" " ind2=" "><subfield code="c">Gift ;</subfield><subfield code="a">purchased for the library by Colonel Thomas Spaulding for the Stephen Spaulding memorial collection (SS1957) ;</subfield><subfield code="d">Received: 11/25/1944.</subfield></datafield><datafield tag="546" ind1=" " ind2=" "><subfield code="a">Persian.</subfield></datafield><datafield tag="561" ind1=" " ind2=" "><subfield code="a">"SS" gold-stamped on upper cover ; Bookplate on upper board lining with etching of Stephen Spaulding by W. H. W. Bicknell (d.1947), reads "In Memory of | STEPHEN SPAULDING | 1907-1925 | CLASS of 1927 | UNIVERSITY OF MICHIGAN | W H W Bicknell 1927" ; on 'title page' (p.3), accession details in pencil "MS &amp; Papyri Rm | Stephen Spaulding Mem coll | Halliwill [?] | 11-25-44 | SS1957" ; on back flyleaf (p.152), rectangular seal impression apparently dated 1274 [1857 or 8] in name of one Ḥusayn ʻAllām ( حسين علام ), inscription reads "لا اله الا الله الملك الحق المبين عبده حسين علام ۱۲۷۴" ; fairly clean copy.</subfield></datafield><datafield tag="650" ind1=" " ind2="0"><subfield code="a">Manuscripts, Persian</subfield><subfield code="z">Michigan</subfield><subfield code="z">Ann Arbor.</subfield></datafield><datafield tag="650" ind1=" " ind2="0"><subfield code="a">Persian poetry</subfield><subfield code="y">747-1500.</subfield></datafield><datafield tag="655" ind1=" " ind2="7"><subfield code="a">Headpieces (layout features)</subfield><subfield code="y">19th century.</subfield><subfield code="2">aat</subfield></datafield><datafield tag="773" ind1="0" ind2=" "><subfield code="a">Stephen Spaulding Collection.</subfield></datafield><datafield tag="880" ind1="1" ind2="0"><subfield code="6">245-03/</subfield><subfield code="a">[ديوان ازرقى هروى,</subfield><subfield code="f">1205ه؟، 1790 يا 1791م؟].</subfield></datafield><datafield tag="880" ind1="0" ind2=" "><subfield code="6">100-01/</subfield><subfield code="a">ازرقى هروى.</subfield></datafield><datafield tag="CID" ind1=" " ind2=" "><subfield code="a">006814116</subfield></datafield><datafield tag="DAT" ind1="0" ind2=" "><subfield code="a">20190719102638.0</subfield><subfield code="b">20190719000000.0</subfield></datafield><datafield tag="DAT" ind1="1" ind2=" "><subfield code="a">20190719090653.0</subfield><subfield code="b">2019-07-19T16:11:45Z</subfield></datafield><datafield tag="DAT" ind1="2" ind2=" "><subfield code="a">2015-10-02T18:00:03Z</subfield></datafield><datafield tag="CAT" ind1=" " ind2=" "><subfield code="a">SDR-MIU</subfield><subfield code="d">EX LIBRIS - ALEPH</subfield><subfield code="l">prepare.pl-004-008</subfield></datafield><datafield tag="FMT" ind1=" " ind2=" "><subfield code="a">BK</subfield></datafield><datafield tag="HOL" ind1=" " ind2=" "><subfield code="0">sdr-miu006814116</subfield><subfield code="a">MiU</subfield><subfield code="b">SDR</subfield><subfield code="c">MIU</subfield><subfield code="p">mdp.39015079128735</subfield><subfield code="s">MIU</subfield><subfield code="1">006814116</subfield></datafield><datafield tag="974" ind1=" " ind2=" "><subfield code="b">MIU</subfield><subfield code="c">MIU</subfield><subfield code="d">20190719</subfield><subfield code="s">lit-dlps-dc</subfield><subfield code="u">mdp.39015079128735</subfield><subfield code="y">1791</subfield><subfield code="r">pd</subfield><subfield code="q">bib</subfield><subfield code="t">non-US bib date2 &lt; 1896</subfield></datafield></record></collection>